<record><leader>00000cas a22000007a 4500</leader><controlfield tag="001">10097652</controlfield><controlfield tag="008">831105d18671889paudn ne      0    0eng d</controlfield><datafield ind1=" " ind2=" " tag="010"><subfield code="a">sn 83031994 </subfield></datafield><datafield ind1=" " ind2=" " tag="040"><subfield code="a">NPU</subfield><subfield code="b">eng</subfield><subfield code="c">NPU</subfield><subfield code="d">DLC</subfield><subfield code="d">NPU</subfield><subfield code="d">NPX</subfield><subfield code="d">DLC</subfield><subfield code="d">NPH</subfield><subfield code="d">MGN</subfield><subfield code="d">OCLCQ</subfield><subfield code="d">HUL</subfield><subfield code="d">TGN</subfield><subfield code="d">OCLCQ</subfield><subfield code="d">OCLCF</subfield><subfield code="d">OCLCO</subfield></datafield><datafield ind1="1" ind2=" " tag="029"><subfield code="a">AU@</subfield><subfield code="b">000023544791</subfield></datafield><datafield ind1=" " ind2=" " tag="042"><subfield code="a">msc</subfield></datafield><datafield ind1=" " ind2=" " tag="043"><subfield code="a">n-us-pa</subfield></datafield><datafield ind1="0" ind2="0" tag="245"><subfield code="a">Bethlehem daily times.</subfield></datafield><datafield ind1="1" ind2="3" tag="246"><subfield code="a">Daily times and progress</subfield><subfield code="f">New ser. v. 1, no. 1 (Apr. 7, 1874)-new ser. v. 1, no. 18 (Apr. 18, 1874)</subfield></datafield><datafield ind1=" " ind2=" " tag="260"><subfield code="a">Bethlehem, Pa. :</subfield><subfield code="b">[D.J.] Godshalk &amp; Co.,</subfield><subfield code="c">-1889.</subfield></datafield><datafield ind1=" " ind2=" " tag="300"><subfield code="a">v. :</subfield><subfield code="b">ill. ;</subfield><subfield code="c">61 cm.</subfield></datafield><datafield ind1=" " ind2=" " tag="310"><subfield code="a">Daily (except Sun.)</subfield></datafield><datafield ind1="1" ind2=" " tag="362"><subfield code="a">Began with June 10 or 11, 1867 issue.</subfield></datafield><datafield ind1="0" ind2=" " tag="362"><subfield code="a">-v. 22, no. 311 (Feb. 2, 1889).</subfield></datafield><datafield ind1=" " ind2=" " tag="500"><subfield code="a">Issued from the same office: Spirit of the times and educator.</subfield></datafield><datafield ind1=" " ind2=" " tag="530"><subfield code="a">Available on microfilm from Microfilm Corp. of Pa.</subfield></datafield><datafield ind1=" " ind2=" " tag="580"><subfield code="a">Issues for Apr. 7-18, 1874 included: Morning progress (South Bethlehem, Pa.).</subfield></datafield><datafield ind1=" " ind2=" " tag="588"><subfield code="a">Description based on: Vol. 1, no. 109 (June 12, 1867).</subfield></datafield><datafield ind1=" " ind2="0" tag="651"><subfield code="a">Bethlehem (Pa.)</subfield><subfield code="v">Newspapers.</subfield></datafield><datafield ind1=" " ind2="0" tag="651"><subfield code="a">Northampton County (Pa.)</subfield><subfield code="v">Newspapers.</subfield></datafield><datafield ind1=" " ind2="7" tag="655"><subfield code="a">Newspapers.</subfield><subfield code="2">fast</subfield><subfield code="0">(OCoLC)fst01423814</subfield></datafield><datafield ind1=" " ind2="7" tag="651"><subfield code="a">Pennsylvania</subfield><subfield code="z">Bethlehem.</subfield><subfield code="2">fast</subfield><subfield code="0">(OCoLC)fst01213467</subfield></datafield><datafield ind1=" " ind2="7" tag="651"><subfield code="a">Pennsylvania</subfield><subfield code="z">Northampton County.</subfield><subfield code="2">fast</subfield><subfield code="0">(OCoLC)fst01215236</subfield></datafield><datafield ind1=" " ind2=" " tag="752"><subfield code="a">United States</subfield><subfield code="b">Pennsylvania</subfield><subfield code="c">Northampton</subfield><subfield code="d">Bethlehem.</subfield></datafield><datafield ind1="0" ind2="0" tag="780"><subfield code="t">Daily times (Bethlehem, Pa. : 1867)</subfield><subfield code="w">(DLC)sn 88079084</subfield></datafield><datafield ind1="0" ind2="0" tag="785"><subfield code="t">Daily times (Bethlehem, Pa. : 1889)</subfield><subfield code="w">(DLC)sn 87080301</subfield></datafield><datafield ind1="1" ind2=" " tag="787"><subfield code="t">Morning progress (South Bethlehem, Pa.)</subfield><subfield code="w">(DLC)sn 84026360</subfield></datafield></record>